<?xml version="1.0" encoding="UTF-8"?><collection xmlns="http://www.loc.gov/MARC21/slim"><record><leader>00688nam--2200181-i-4500</leader><controlfield tag="001">000029626</controlfield><controlfield tag="002">20161230</controlfield><controlfield tag="005">20161230201037</controlfield><controlfield tag="008">060222s1000------------r-----000-0-fre-d</controlfield><datafield ind1=" " ind2=" " tag="040"><subfield code="a">IFIN-HH</subfield></datafield><datafield ind1=" " ind2=" " tag="041"><subfield code="a">fre</subfield></datafield><datafield ind1=" " ind2=" " tag="080"><subfield code="a">539.171.017:539.172.12:539.172.817:539.172.84(043)</subfield></datafield><datafield ind1="1" ind2=" " tag="100"><subfield code="a">Lagarde,  Brigitte</subfield></datafield><datafield ind1="1" ind2="0" tag="245"><subfield code="a">Etude comparee des foctions d`excitation des reactions nucleaires induites par des ionslegers (pronons et a ) et des ions lourds (ne, ca,ar) et conduisant apres evaporation de neutrons a des isotopes de platine et polonium</subfield><subfield code="b">These</subfield><subfield code="c">Brigitte lagarde</subfield></datafield><datafield ind1=" " ind2=" " tag="260"><subfield code="a">Paris</subfield><subfield code="b">Universite</subfield><subfield code="c">1979</subfield></datafield><datafield ind1=" " ind2=" " tag="300"><subfield code="a">173P</subfield></datafield><datafield ind1=" " ind2=" " tag="852"><subfield code="a">48629</subfield><subfield code="c">539.17</subfield></datafield><datafield ind1=" " ind2=" " tag="CAT"><subfield code="a">Sys</subfield><subfield code="c">20120619</subfield><subfield code="h">134822</subfield></datafield></record></collection>